<?xml version="1.0" encoding="UTF-8"?><collection xmlns="http://www.loc.gov/MARC21/slim"><record><leader>00349nam--2200145-i-4500</leader><controlfield tag="001">000008849</controlfield><controlfield tag="002">20161230</controlfield><controlfield tag="005">20170301235446</controlfield><controlfield tag="008">060222s1000------------r-----000-0-eng-d</controlfield><datafield ind1=" " ind2=" " tag="100"><subfield code="a">Brown, G. I</subfield></datafield><datafield ind1=" " ind2=" " tag="245"><subfield code="a">A new guide to modern valency theory</subfield></datafield><datafield ind1=" " ind2=" " tag="260"><subfield code="a">London</subfield><subfield code="b">Longmans</subfield><subfield code="c">1967</subfield></datafield><datafield ind1=" " ind2=" " tag="300"><subfield code="a">238 p</subfield></datafield><datafield ind1=" " ind2=" " tag="852"><subfield code="a">541</subfield></datafield><datafield ind1=" " ind2=" " tag="CAT"><subfield code="a">SYS</subfield><subfield code="c">20170301</subfield><subfield code="h">235446</subfield></datafield></record></collection>